@article{Cappiello:2018hsu,
      author         = "Cappiello, Christopher V. and Ng, Kenny C. Y. and Beacom,
                        John F.",
      title          = "{Reverse Direct Detection: Cosmic Ray Scattering With
                        Light Dark Matter}",
      journal        = "Phys. Rev.",
      volume         = "D99",
      year           = "2019",
      number         = "6",
      pages          = "063004",
      doi            = "10.1103/PhysRevD.99.063004",
      eprint         = "1810.07705",
      archivePrefix  = "arXiv",
      primaryClass   = "hep-ph",
      SLACcitation   = "%%CITATION = ARXIV:1810.07705;%%"
}

@article{Bringmann:2018cvk,
      author         = "Bringmann, Torsten and Pospelov, Maxim",
      title          = "{Novel direct detection constraints on light dark
                        matter}",
      journal        = "Phys. Rev. Lett.",
      volume         = "122",
      year           = "2019",
      number         = "17",
      pages          = "171801",
      doi            = "10.1103/PhysRevLett.122.171801",
      eprint         = "1810.10543",
      archivePrefix  = "arXiv",
      primaryClass   = "hep-ph",
      SLACcitation   = "%%CITATION = ARXIV:1810.10543;%%"
}

@article{Ema:2018bih,
      author         = "Ema, Yohei and Sala, Filippo and Sato, Ryosuke",
      title          = "{Light Dark Matter at Neutrino Experiments}",
      year           = "2018",
      eprint         = "1811.00520",
      archivePrefix  = "arXiv",
      primaryClass   = "hep-ph",
      reportNumber   = "DESY-18-194",
      SLACcitation   = "%%CITATION = ARXIV:1811.00520;%%"
}

@book{Jursa:1985,
  author    = {Adolph S. Jursa}, 
  title     = {Handbook of geophysics and the space environment},
  publisher = {Hanscom Air Force Base, Mass. : Air Force Geophysics Laboratory, Air Force Systems Command, United States Air Force},
  year      = 1985,
  edition   = 4,
  isbn      = {3257227892}
}

@article{Goodman:1984dc,
      author         = "Goodman, Mark W. and Witten, Edward",
      title          = "{Detectability of Certain Dark Matter Candidates}",
      journal        = "Phys. Rev.",
      volume         = "D31",
      year           = "1985",
      pages          = "3059",
      doi            = "10.1103/PhysRevD.31.3059",
      note           = "[325(1984)]",
      reportNumber   = "Print-85-0030 (PRINCETON)",
      SLACcitation   = "%%CITATION = PHRVA,D31,3059;%%"
}

@inproceedings{Battaglieri:2017aum,
      author         = "Battaglieri, Marco and others",
      title          = "{US Cosmic Visions: New Ideas in Dark Matter 2017:
                        Community Report}",
      booktitle      = "{U.S. Cosmic Visions: New Ideas in Dark Matter}",
      url            = "http://lss.fnal.gov/archive/2017/conf/fermilab-conf-17-282-ae-ppd-t.pdf",
      year           = "2017",
      eprint         = "1707.04591",
      archivePrefix  = "arXiv",
      primaryClass   = "hep-ph",
      reportNumber   = "FERMILAB-CONF-17-282-AE-PPD-T",
      SLACcitation   = "%%CITATION = ARXIV:1707.04591;%%"
}

@article{Kouvaris:2016afs,
      author         = "Kouvaris, Chris and Pradler, Josef",
      title          = "{Probing sub-GeV Dark Matter with conventional
                        detectors}",
      journal        = "Phys. Rev. Lett.",
      volume         = "118",
      year           = "2017",
      number         = "3",
      pages          = "031803",
      doi            = "10.1103/PhysRevLett.118.031803",
      eprint         = "1607.01789",
      archivePrefix  = "arXiv",
      primaryClass   = "hep-ph",
      SLACcitation   = "%%CITATION = ARXIV:1607.01789;%%"
}

@article{Ibe:2017yqa,
      author         = "Ibe, Masahiro and Nakano, Wakutaka and Shoji, Yutaro and
                        Suzuki, Kazumine",
      title          = "{Migdal Effect in Dark Matter Direct Detection
                        Experiments}",
      journal        = "JHEP",
      volume         = "03",
      year           = "2018",
      pages          = "194",
      doi            = "10.1007/JHEP03(2018)194",
      eprint         = "1707.07258",
      archivePrefix  = "arXiv",
      primaryClass   = "hep-ph",
      reportNumber   = "IPMU17-0100",
      SLACcitation   = "%%CITATION = ARXIV:1707.07258;%%"
}

@article{Dolan:2017xbu,
      author         = "Dolan, Matthew J. and Kahlhoefer, Felix and McCabe,
                        Christopher",
      title          = "{Directly detecting sub-GeV dark matter with electrons
                        from nuclear scattering}",
      journal        = "Phys. Rev. Lett.",
      volume         = "121",
      year           = "2018",
      number         = "10",
      pages          = "101801",
      doi            = "10.1103/PhysRevLett.121.101801",
      eprint         = "1711.09906",
      archivePrefix  = "arXiv",
      primaryClass   = "hep-ph",
      reportNumber   = "KCL-PH-TH/2017-54, TTK-17-43, KCL-PH-TH-2017-54",
      SLACcitation   = "%%CITATION = ARXIV:1711.09906;%%"
}

@article{Kouvaris:2015nsa,
      author         = "Kouvaris, Chris",
      title          = "{Probing Light Dark Matter via Evaporation from the Sun}",
      journal        = "Phys. Rev.",
      volume         = "D92",
      year           = "2015",
      number         = "7",
      pages          = "075001",
      doi            = "10.1103/PhysRevD.92.075001",
      eprint         = "1506.04316",
      archivePrefix  = "arXiv",
      primaryClass   = "hep-ph",
      SLACcitation   = "%%CITATION = ARXIV:1506.04316;%%"
}

@article{An:2017ojc,
      author         = "An, Haipeng and Pospelov, Maxim and Pradler, Josef and
                        Ritz, Adam",
      title          = "{Directly Detecting MeV-scale Dark Matter via Solar
                        Reflection}",
      journal        = "Phys. Rev. Lett.",
      volume         = "120",
      year           = "2018",
      number         = "14",
      pages          = "141801",
      doi            = "10.1103/PhysRevLett.120.141801,
                        10.1103/PhysRevLett.121.259903",
      note           = "[Erratum: Phys. Rev. Lett.121,no.25,259903(2018)]",
      eprint         = "1708.03642",
      archivePrefix  = "arXiv",
      primaryClass   = "hep-ph",
      SLACcitation   = "%%CITATION = ARXIV:1708.03642;%%"
}


@article{Emken:2017hnp,
      author         = "Emken, Timon and Kouvaris, Chris and Nielsen, Niklas
                        Gr√∏nlund",
      title          = "{The Sun as a sub-GeV Dark Matter Accelerator}",
      journal        = "Phys. Rev.",
      volume         = "D97",
      year           = "2018",
      number         = "6",
      pages          = "063007",
      doi            = "10.1103/PhysRevD.97.063007",
      eprint         = "1709.06573",
      archivePrefix  = "arXiv",
      primaryClass   = "hep-ph",
      reportNumber   = "CP3-ORIGINS-2017-035",
      SLACcitation   = "%%CITATION = ARXIV:1709.06573;%%"
}

@article{Aprile:2018dbl,
      author         = "Aprile, E. and others",
      title          = "{Dark Matter Search Results from a One Ton-Year Exposure
                        of XENON1T}",
      collaboration  = "XENON",
      journal        = "Phys. Rev. Lett.",
      volume         = "121",
      year           = "2018",
      number         = "11",
      pages          = "111302",
      doi            = "10.1103/PhysRevLett.121.111302",
      eprint         = "1805.12562",
      archivePrefix  = "arXiv",
      primaryClass   = "astro-ph.CO",
      SLACcitation   = "%%CITATION = ARXIV:1805.12562;%%"
}

@article{Akerib:2018lyp,
      author         = "Akerib, D. S. and others",
      title          = "{Projected WIMP Sensitivity of the LUX-ZEPLIN (LZ) Dark
                        Matter Experiment}",
      collaboration  = "LUX-ZEPLIN",
      year           = "2018",
      eprint         = "1802.06039",
      archivePrefix  = "arXiv",
      primaryClass   = "astro-ph.IM",
      reportNumber   = "FERMILAB-PUB-18-054-AE-PPD",
      SLACcitation   = "%%CITATION = ARXIV:1802.06039;%%"
}

@article{Aguilar-Arevalo:2018wea,
      author         = "Aguilar-Arevalo, A. A. and others",
      title          = "{Dark Matter Search in Nucleon, Pion, and Electron
                        Channels from a Proton Beam Dump with MiniBooNE}",
      collaboration  = "MiniBooNE DM",
      journal        = "Phys. Rev.",
      volume         = "D98",
      year           = "2018",
      number         = "11",
      pages          = "112004",
      doi            = "10.1103/PhysRevD.98.112004",
      eprint         = "1807.06137",
      archivePrefix  = "arXiv",
      primaryClass   = "hep-ex",
      reportNumber   = "LA-UR-18-26421, FERMILAB-PUB-18-334-ND",
      SLACcitation   = "%%CITATION = ARXIV:1807.06137;%%"
}

@article{Batell:2018fqo,
      author         = "Batell, Brian and Freitas, Ayres and Ismail, Ahmed and
                        Mckeen, David",
      title          = "{Probing Light Dark Matter with a Hadrophilic Scalar
                        Mediator}",
      year           = "2018",
      eprint         = "1812.05103",
      archivePrefix  = "arXiv",
      primaryClass   = "hep-ph",
      reportNumber   = "PITT-PACC-1817",
      SLACcitation   = "%%CITATION = ARXIV:1812.05103;%%"
}

@article{Boschini:2017fxq,
      author         = "Boschini, M. J. and others",
      title          = "{Solution of heliospheric propagation: unveiling the
                        local interstellar spectra of cosmic ray species}",
      journal        = "Astrophys. J.",
      volume         = "840",
      year           = "2017",
      number         = "2",
      pages          = "115",
      doi            = "10.3847/1538-4357/aa6e4f",
      eprint         = "1704.06337",
      archivePrefix  = "arXiv",
      primaryClass   = "astro-ph.HE",
      SLACcitation   = "%%CITATION = ARXIV:1704.06337;%%"
}

@inproceedings{Consolandi:2014uia,
      author         = "Consolandi, C.",
      title          = "{Primary Cosmic Ray Proton Flux Measured by AMS-02}",
      booktitle      = "{Proceedings, 33rd International Cosmic Ray Conference
                        (ICRC2013): Rio de Janeiro, Brazil, July 2-9, 2013}",
      collaboration  = "AMS 02",
      url            = "http://www.slac.stanford.edu/econf/C131112/papers/1402.0467.pdf",
      year           = "2014",
      pages          = "1265",
      eprint         = "1402.0467",
      archivePrefix  = "arXiv",
      primaryClass   = "astro-ph.HE",
      SLACcitation   = "%%CITATION = ARXIV:1402.0467;%%"
}

@article{Pierog:2013ria,
      author         = "Pierog, T. and Karpenko, Iu. and Katzy, J. M. and
                        Yatsenko, E. and Werner, K.",
      title          = "{EPOS LHC: Test of collective hadronization with data
                        measured at the CERN Large Hadron Collider}",
      journal        = "Phys. Rev.",
      volume         = "C92",
      year           = "2015",
      number         = "3",
      pages          = "034906",
      doi            = "10.1103/PhysRevC.92.034906",
      eprint         = "1306.0121",
      archivePrefix  = "arXiv",
      primaryClass   = "hep-ph",
      reportNumber   = "DESY-13-125",
      SLACcitation   = "%%CITATION = ARXIV:1306.0121;%%"
}

@book{CRMC,
    author  = {Baus, C. and Pierog, T. and Ulrich, R.}, 
    title   = {Cosmic Ray Monte Carlo (CRMC)},
    url     = "https://web.ikp.kit.edu/rulrich/crmc.html"
}

@article{Kavanagh:2016pyr,
      author         = "Kavanagh, Bradley J. and Catena, Riccardo and Kouvaris,
                        Chris",
      title          = "{Signatures of Earth-scattering in the direct detection
                        of Dark Matter}",
      journal        = "JCAP",
      volume         = "1701",
      year           = "2017",
      number         = "01",
      pages          = "012",
      doi            = "10.1088/1475-7516/2017/01/012",
      eprint         = "1611.05453",
      archivePrefix  = "arXiv",
      primaryClass   = "hep-ph",
      reportNumber   = "CP3-ORIGINS-2016-050",
      SLACcitation   = "%%CITATION = ARXIV:1611.05453;%%"
}

@article{Angloher:2017sxg,
      author         = "Angloher, G. and others",
      title          = "{Results on MeV-scale dark matter from a gram-scale
                        cryogenic calorimeter operated above ground}",
      collaboration  = "CRESST",
      journal        = "Eur. Phys. J.",
      volume         = "C77",
      year           = "2017",
      number         = "9",
      pages          = "637",
      doi            = "10.1140/epjc/s10052-017-5223-9",
      eprint         = "1707.06749",
      archivePrefix  = "arXiv",
      primaryClass   = "astro-ph.CO",
      SLACcitation   = "%%CITATION = ARXIV:1707.06749;%%"
}

@article{Xu:2018efh,
      author         = "Xu, Weishuang Linda and Dvorkin, Cora and Chael, Andrew",
      title          = "{Probing sub-GeV Dark Matter-Baryon Scattering with
                        Cosmological Observables}",
      journal        = "Phys. Rev.",
      volume         = "D97",
      year           = "2018",
      number         = "10",
      pages          = "103530",
      doi            = "10.1103/PhysRevD.97.103530",
      eprint         = "1802.06788",
      archivePrefix  = "arXiv",
      primaryClass   = "astro-ph.CO",
      SLACcitation   = "%%CITATION = ARXIV:1802.06788;%%"
}

@article{Bhoonah:2018wmw,
      author         = "Bhoonah, Amit and Bramante, Joseph and Elahi, Fatemeh and
                        Schon, Sarah",
      title          = "{Calorimetric Dark Matter Detection With Galactic Center
                        Gas Clouds}",
      journal        = "Phys. Rev. Lett.",
      volume         = "121",
      year           = "2018",
      number         = "13",
      pages          = "131101",
      doi            = "10.1103/PhysRevLett.121.131101",
      eprint         = "1806.06857",
      archivePrefix  = "arXiv",
      primaryClass   = "hep-ph",
      SLACcitation   = "%%CITATION = ARXIV:1806.06857;%%"
}

@article{Nadler:2019zrb,
      author         = "Nadler, Ethan O. and Gluscevic, Vera and Boddy, Kimberly
                        K. and Wechsler, Risa H.",
      title          = "{Constraints on Dark Matter Microphysics from the Milky
                        Way Satellite Population}",
      year           = "2019",
      eprint         = "1904.10000",
      archivePrefix  = "arXiv",
      primaryClass   = "astro-ph.CO",
      SLACcitation   = "%%CITATION = ARXIV:1904.10000;%%"
}

@article{Tanabashi:2018oca,
      author         = "Tanabashi, M. and others",
      title          = "{Review of Particle Physics}",
      collaboration  = "Particle Data Group",
      journal        = "Phys. Rev.",
      volume         = "D98",
      year           = "2018",
      number         = "3",
      pages          = "030001",
      doi            = "10.1103/PhysRevD.98.030001",
      SLACcitation   = "%%CITATION = PHRVA,D98,030001;%%"
}

@article{Duda:2006uk,
      author         = "Duda, Gintaras and Kemper, Ann and Gondolo, Paolo",
      title          = "{Model Independent Form Factors for Spin Independent
                        Neutralino-Nucleon Scattering from Elastic Electron
                        Scattering Data}",
      journal        = "JCAP",
      volume         = "0704",
      year           = "2007",
      pages          = "012",
      doi            = "10.1088/1475-7516/2007/04/012",
      eprint         = "hep-ph/0608035",
      archivePrefix  = "arXiv",
      primaryClass   = "hep-ph",
      SLACcitation   = "%%CITATION = HEP-PH/0608035;%%"
}

@article{Haino:2004nq,
      author         = "Haino, Sadakazu and others",
      title          = "{Measurements of primary and atmospheric cosmic - ray
                        spectra with the BESS-TeV spectrometer}",
      journal        = "Phys. Lett.",
      volume         = "B594",
      year           = "2004",
      pages          = "35-46",
      doi            = "10.1016/j.physletb.2004.05.019",
      eprint         = "astro-ph/0403704",
      archivePrefix  = "arXiv",
      primaryClass   = "astro-ph",
      SLACcitation   = "%%CITATION = ASTRO-PH/0403704;%%"
}